@article{fischer1985impossibility,
  title={Impossibility of distributed consensus with one faulty process},
  author={Fischer, Michael J and Lynch, Nancy A and Paterson, Michael S},
  journal={Journal of the ACM (JACM)},
  volume={32},
  number={2},
  pages={374--382},
  year={1985},
  publisher={ACM New York, NY, USA}
}

@book{coulouris2005distributed,
  title={Distributed systems: concepts and design},
  author={Coulouris, George F and Dollimore, Jean and Kindberg, Tim},
  year={2005},
  publisher={pearson education}
}

@inproceedings{fischer1983consensus,
  title={The consensus problem in unreliable distributed systems (a brief survey)},
  author={Fischer, Michael J},
  booktitle={International conference on fundamentals of computation theory},
  pages={127--140},
  year={1983},
  organization={Springer}
}

@inproceedings{conf/usenix/OngaroO14,
  author = {Ongaro, Diego and Ousterhout, John K.},
  booktitle = {USENIX Annual Technical Conference},
  crossref = {conf/usenix/2014},
  editor = {Gibson, Garth and Zeldovich, Nickolai},
  ee = {https://www.usenix.org/conference/atc14/technical-sessions/presentation/ongaro},
  interhash = {9c0894bad72bfff91b1eaa3f2edf8d2a},
  intrahash = {5c211b33ed41ba32bb936291addebef8},
  keywords = {dblp},
  pages = {305-319},
  publisher = {USENIX Association},
  timestamp = {2015-06-18T15:21:41.000+0200},
  title = {In Search of an Understandable Consensus Algorithm.},
  url = {http://dblp.uni-trier.de/db/conf/usenix/usenix2014.html#OngaroO14},
  year = 2014
}